@article{peischl2024pipeline,
  author = {Marei Peischl and Marcel Krüger and Oliver Kopp},
  title = {Creation of \LaTeX{} documents using a cloud-based pipeline},
  journal = {TUGboat},
  volume = {45},
  number = {2},
  pages = {227–233},
  year = {2024},
% doi = {tb45-2/tb140peischl-pipeline},
}

@article{novotny2021overleaf,
    title = {Overleaf},
    subtitle = {Kolaborativní webový editor \LaTeX u},
    author = {Vít Novotný},
    journal = {Zpravodaj \CSTUG u},
    issn = {1211-6661},
    year = {2021},
    volume = {31},
    number = {1--4},
    doi = {10.5300/2021-1-4/3},
    pages = {3-8},
}

@article{stano2024overleaf,
    title = {Overleaf Community Edition},
    subtitle = {Postup inštalácie a rozdiely oproti Overleaf Professional},
    author = {Michal Stano and Starý Novotný, Vít},
%    journal = {Zpravodaj \CSTUG u},
%    issn = {1211-6661},
%    year = {2024},
%    volume = {34},
%    number = {1--4},
%    doi = {10.5300/2024-1-4/??},
%    pages = {??-??},
    url = {http://www.overleaf.com/read/hmxhshbgnbzm},
    urldate = {2024-09-03},
    note = {\PackageWarningNoLine{biblatex}{For @stano2024overleaf, cite CSTUG article, not Overleaf}},
}

@online{latex3-github,
    title = {{The \LaTeX{} Project}},
    url = {https://github.com/latex3/},
    urldate = {2024-08-29},
}

@article{l3build-beginner,
    title = {\texttt{l3build}: The beginner’s guide},
    volume = {43},
    ISSN = {0896-3207},
    url = {https://doi.org/10.47397/tb/43-1/tb133wright-l3build},
    DOI = {10.47397/tb/43-1/tb133wright-l3build},
    number = {1},
    journal = {TUGboat},
    publisher = {{\TeX} Users Group},
    author = {Wright,  Joseph},
    year = {2022},
    pages = {40–43},
}

@online{l3build,
    title = {l3build},
    subtitle = {A testing and building system for {\AllTeX}},
    author = {{The \LaTeX{} Project}},
    url = {https://ctan.org/pkg/l3build},
    urldate = {2024-08-29},
}

@online{tug2024-cicd-tugboat-sources,
    title = {TeXhackse/tugboat-tug2024-cicd},
    author = {Peischl, Marei and Krüger, Marcel and Kopp, Oliver},
    url = {https://tug.org/l/peischl-cicd2024},
    urldate = {2024-08-30},
}

@online{latex-action,
	title = {xu-cheng/latex-action},
	subtitle = {GitHub Action to compile \LaTeX{} documents},
	author = {Cheng Xu},
	url = {https://github.com/xu-cheng/latex-action/},
    urldate = {2024-09-03},
}

@online{github-actions-ref,
    title = {Workflow syntax for GitHub Actions},
    url = {https://docs.github.com/en/actions/using-workflows/workflow-syntax-for-github-actions},
    urldate = {2024-09-03},
}

@online{github-hosted-runners,
    title = {Choosing {GitHub}-hosted runners},
    url = {https://docs.github.com/en/actions/using-workflows/workflow-syntax-for-github-actions#choosing-github-hosted-runners},
    urldate = {2024-09-03},
}

@online{workflow-github,
    title = {{GitHub} Workflow template for {\LaTeX} packages},
    url = {https://github.com/islandoftex/tug2024-workflow-github},
    urldate = {2024-09-03},
}

@article{islandoftex-docker-short,
    title = {Providing {D}ocker images for {\TeX} {L}ive
  and {\ConTeXt}},
    author = {{Island of \TeX}},
    volume = {40},
    ISSN = {0896-3207},
    url = {https://tug.org/TUGboat/tb40-3/tb126island-docker.pdf},
    number = {3},
    journal = {TUGboat},
    publisher = {TeX Users Group},
    year = {2019},
    pages = {231}
}

@article{islandoftex-docker,
    title = {Living in containers},
    subtitle = {on {\TeX} {L}ive (and {\ConTeXt}) in a {D}ocker setting},
    author = {{Island of \TeX}},
    volume = {44},
    ISSN = {0896-3207},
    url = {https://doi.org/10.47397/tb/44-2/tb137island-docker},
    DOI = {10.47397/tb/44-2/tb137island-docker},
    number = {2},
    journal = {TUGboat},
    publisher = {TeX Users Group},
    year = {2023},
    pages = {249–252}
}

@online{github-action-checkout,
    title = {Checkout action},
    url = {https://github.com/actions/checkout/},
    urldate = {2024-09-03},
}

@online{latexmk,
    title = {latexmk},
    subtitle = {Fully automated \LaTeX{} document generation},
    author = {Collins, John},
    url = {https://ctan.org/pkg/latexmk},
    urldate = {2024-09-03},
}

@online{forgejo,
    title = {Forgejo Repository},
    author = {Forgejo},
    url = {https://codeberg.org/forgejo/forgejo},
    urldate = {2024-07-27},
}

@online{forgejo-runner-config,
    title = {Using Forgejo Actions (Self-hosted)},
    url = {https://docs.codeberg.org/ci/actions/},
    urldate = {2024-09-10},
}

@online{workflow-document-gitlab,
    title = {{GitLab} Workflow template for {\LaTeX} documents},
    url = {https://gitlab.com/islandoftex/texmf/tug2024-workflow-document-gitlab},
    urldate = {2024-09-10},
}

@online{islandoftex-docker-gitlab,
    title = {{\TeX} Live Docker image},
    url = {https://gitlab.com/islandoftex/images/texlive},
    urldate = {2024-07-20},
}

@online{depp,
    title = {{DEPP}},
    subtitle = {Dependency Printer for {\TeX} {L}ive},
    url = {https://gitlab.com/islandoftex/texmf/depp},
    urldate = {2024-09-15},
}

@online{tl_packages,
    author = {Oliver Kopp},
    title = {File \texttt{tl\_packages}},
    url = {https://github.com/islandoftex/tug2024-workflow-document-github/blob/main/.github/tl_packages},
    urldate = {2024-09-15},
}

@online{marcel-latex-action,
    author = {Krüger, Marcel},
    title = {teatimeguest/setup-texlive-action},
    subtitle = {A GitHub Action to set up {\TeX}~Live},
    url = {https://github.com/zauguin/install-texlive},
    urldate = {2024-09-15},
}

@online{teatimeguest-latex-action,
    title = {{teatimeguest/setup-texlive-action} repository},
    url = {https://github.com/teatimeguest/setup-texlive-action},
    urldate = {2024-09-15},
}

@online{minimal-portable-tl-setup.sh,
    author = {Marei Peischl},
    title = {File \texttt{minimal-portable-tl-setup.sh}},
    url = {https://gitlab.com/islandoftex/texmf/depp/-/blob/main/setup-examples/texlive-minimal-portable/minimal-portable-tl-setup.sh},
    urldate = {2024-09-16},
}

@online{marcel-l3build-failure,
    author = {Krüger, Marcel},
    title = {{{z}auguin/l3build-failure-artifacts}},
    url = {https://github.com/zauguin/l3build-failure-artifacts},
    urldate = {2024-09-16},
}

@online{act,
    title = {nektos/act},
    subtitle = {Run your GitHub Actions locally},
    url = {https://github.com/nektos/act},
    urldate = {2024-09-16},
}

@online{pretest,
    title = {Pretesting {\TeX} Live 2024},
    url = {https://www.tug.org/texlive/pretest.html},
    urldate = {2024-09-16},
}