@online{allred2018bible,
  author = {Sean Allred},
  title = {Various translations of the Bible, typeset in \TeX},
  url = {https://github.com/vermiculus/bible},
  urldate = {2024-08-23},
}

@article{ruckert2024profiling,
  author = {Martin Ruckert},
  title = {Profiling \TeX{} Input Files},
  journal = {TUGboat},
  volume = {45},
  number = {2},
  pages = {203-210},
  year = {2024},
  doi = {10.47397/tb/45-2/tb140ruckert-profiler},
}