@online{overleaf_git,
    author = {\href{https://www.overleaf.com/about}{Overleaf team}},
    title = {Overleaf github page},
    url = {https://github.com/overleaf/overleaf},
    urldate = {2024-02-26},
}

@online{texlive,
    title = {{\TeX}~Live},
    url = {http://tug.org/texlive/},
    urldate = {2024-02-26},
}

@online{stackexchange,
    title = {\TeX{} -- \LaTeX{} Stack Exchange},
    url = {https://tex.stackexchange.com/},
    urldate = {2024-04-08},
}

@article{novotny2021overleaf,
    title = {Overleaf},
    subtitle = {Kolaborativní webový editor \LaTeX u},
    author = {Vít Novotný},
    journal = {Zpravodaj \CSTUG u},
    issn = {1211-6661},
    year = {2021},
    volume = {31},
    number = {1--4},
    doi = {10.5300/2021-1-4/3},
    pages = {3-8},
}

@online{compose,
    title = {docker docs},
    subtitle = {Migrate To Compose V2},
    howpublished = {\url{https://docs.docker.com/compose/migrate/}}
}

@online{requirements,
    title = {Hardware Requirements},
    howpublished = {\url{https://github.com/overleaf/overleaf/wiki/Hardware-Requirements}},
}