@online{starynovotny2024markdowna,
  author = {Starý Novotný, Vít},
  title = {Markdown themes in practice},
  titleaddon = {prezentační slajdy},
  date = {2024-07-19},
  urldate = {2024-11-18},
  url = {https://www.tug.org/tug2024/slides/starynovotny-markdown-themes.pdf},
}

@online{starynovotny2024markdownb,
  author = {Starý Novotný, Vít},
  title = {Markdown themes in practice},
  titleaddon = {preprint},
  date = {2024-07-14},
  urldate = {2024-11-18},
  url = {https://www.tug.org/tug2024/preprints/starynovotny-markdown-themes.pdf},
}

@article{starynovotny2024markdownc,
  author = {Starý Novotný, Vít},
  title = {Markdown themes in practice},
  journal = {TUGboat},
  volume = {45},
  number = {2},
  pages = {211-220},
  year = {2024},
  doi = {10.47397/tb/45-2/tb140starynovotny-markdown-themes},
}

@article{peischl2024pipeline,
  author = {Marei Peischl and Marcel Krüger and Oliver Kopp},
  title = {Creation of \LaTeX{} documents using a cloud-based pipeline},
  journal = {TUGboat},
  volume = {45},
  number = {2},
  pages = {227–233},
  year = {2024},
  doi = {tb45-2/tb140peischl-pipeline},
}

@article{ruckert2024profiling,
  author = {Martin Ruckert},
  title = {Profiling \TeX{} input files},
  journal = {TUGboat},
  volume = {45},
  number = {2},
  pages = {203-210},
  year = {2024},
  doi = {10.47397/tb/45-2/tb140ruckert-profiler},
}

@online{sojka2024extendinga,
  author = {Sojka, Ondřej},
  title = {Expanding hyphenation patterns across Slavic languages},
  titleaddon = {prezentační slajdy},
  date = {2024-07-21},
  urldate = {2024-11-18},
  url = {https://www.tug.org/tug2024/slides/sojka-slavic.pdf},
}

@online{sojka2024extendingb,
  author = {Sojka, Ondřej},
  title = {Expanding hyphenation patterns across Slavic languages},
  titleaddon = {preprint},
  date = {2024-06-25},
  urldate = {2024-11-18},
  url = {https://www.tug.org/tug2024/preprints/sojka-slavic.pdf},
}

@article{sojka2024extendingc,
  author = {Sojka, Ondřej},
  title = {Expanding hyphenation patterns across Slavic languages},
  journal = {TUGboat},
  volume = {45},
  number = {2},
  pages = {268-270},
  year = {2024},
  doi = {10.47397/tb/45-2/tb140sojka-slavic},
}

@online{hoftich2024weba,
  author = {Hoftich, Michal},
  title = {Web page to PDF conversion with Rmodepdf},
  subtitle = {Leveraging Lua\LaTeX{} for e-book reader-friendly documents},
  titleaddon = {prezentační slajdy},
  date = {2024-07-16},
  urldate = {2024-11-18},
  url = {https://www.tug.org/tug2024/slides/hoftich-rmodepdf.pdf},
}

@online{hoftich2024webb,
  author = {Hoftich, Michal},
  title = {Web page to PDF conversion with Rmodepdf},
  subtitle = {Leveraging Lua\LaTeX{} for e-book reader-friendly documents},
  titleaddon = {preprint},
  date = {2024-06-15},
  urldate = {2024-11-18},
  url = {https://www.tug.org/tug2024/preprints/hoftich-rmodepdf.pdf},
}

@article{hoftich2024webc,
  author = {Hoftich, Michal},
  title = {Web page to PDF conversion with Rmodepdf},
  subtitle = {Leveraging Lua\LaTeX{} for e-book reader-friendly documents},
  journal = {TUGboat},
  volume = {45},
  number = {2},
  pages = {246-252},
  year = {2024},
  doi = {10.47397/tb/45-2/tb140hoftich-rmodepdf},
}

@online{mittelbach2022latex,
  author = {Frank Mittelbach and Ulrike Fischer and Chris Rowley},
  title = {\LaTeX{} Tagged PDF Feasibility Evaluation},
  date = {2022-04},
  url = {https://www.latex-project.org/publications/2020-tagged-pdf-feasibility.pdf},
  urldate = {2024-11-25},
}

@online{youtube,
  title = {TUG 2024 Lectures},
  url = {https://www.youtube.com/playlist?list=PLLt9mKFAx-FZCy6aqYbXSNyaAkr8Nv14X},
  urldate = {2024-11-25},
}